@generic{EN_60436,
   title = {Električni pomivalni stroji za gospodinjstva - Preskusne metode za merjenje lastnosti. SIST EN 60436:2020},
}
@web_page{IKEA,
   title = {RENGÖRA pomivalni stroj},
   url = {https://www.ikea.com/si/sl/p/rengoera-vgradni-pomivalni-stroj-ikea-300-40475572/},
   note = {, ogled: 06. 05. 2024}
}

@generic{PPA_manual,
   title = {PPA55xx User Manual v4.0},
   url = {https://resources.newtons4th.com/log-in/?redirect_to=https://resources.newtons4th.com/manuals},
   year = {2021},
   note = {, ogled: 06. 05. 2024}
}

@web_page{SURS ,
   author = {{Statistični urad Republike Slovenije}},
   title = {Energetika},
   url = {https://pxweb.stat.si/SiStat/sl/Podrocja/Index/186/energetika},
   note = {, ogled: 10. 05. 2024}
}
